[gd_scene load_steps=10 format=3 uid="uid://c0slx3vnxfj3w"]

[ext_resource type="Script" path="res://game/gadget/gadget.gd" id="1_mtule"]
[ext_resource type="Script" path="res://game/gadget/attributes/repair_attr.gd" id="2_shn0m"]
[ext_resource type="Script" path="res://plugins/combat/strategies/ranged_attack.gd" id="3_b1j7v"]
[ext_resource type="Script" path="res://plugins/map/search/single_search.gd" id="4_ewptk"]
[ext_resource type="Script" path="res://plugins/combat/strategies/simple_attack.gd" id="4_gqc2g"]
[ext_resource type="PackedScene" uid="uid://btduxqx1eorm8" path="res://game/gadget/projectile/projectile_entity.tscn" id="4_n77qs"]
[ext_resource type="Texture2D" uid="uid://ceux837gof7ea" path="res://assets/wrench.png" id="5_g3kll"]
[ext_resource type="Script" path="res://plugins/items/item_requester.gd" id="7_hq6xk"]

[sub_resource type="Attribute" id="Attribute_td0lm"]
script = ExtResource("2_shn0m")

[node name="Wrench" type="Node3D"]
script = ExtResource("1_mtule")
interaction_attributes = Array[Attribute]([SubResource("Attribute_td0lm")])

[node name="RangedAttackStrategy" type="Node" parent="." node_paths=PackedStringArray("items_to_drop")]
script = ExtResource("3_b1j7v")
items_to_drop = [NodePath("ItemRequester")]
projectile_scene = ExtResource("4_n77qs")

[node name="SimpleAttackStrategy" type="Node" parent="RangedAttackStrategy"]
script = ExtResource("4_gqc2g")

[node name="ItemRequester" type="Node" parent="RangedAttackStrategy" node_paths=PackedStringArray("node")]
script = ExtResource("7_hq6xk")
node = NodePath("../..")

[node name="SingleSearchStrategy" type="Node" parent="."]
script = ExtResource("4_ewptk")

[node name="Sprite3D" type="Sprite3D" parent="."]
transform = Transform3D(200, 0, 0, 0, 200, 0, 0, 0, 200, 0, 0, 0)
sorting_offset = 20.0
centered = false
offset = Vector2(-5, 0)
billboard = 1
texture_filter = 0
texture = ExtResource("5_g3kll")
