[gd_scene load_steps=7 format=3 uid="uid://cnttx6f8l3ots"]

[ext_resource type="PackedScene" uid="uid://cijpwbt0b66mt" path="res://plugins/map/Map.tscn" id="1_andgm"]
[ext_resource type="PackedScene" uid="uid://c7ok2jsrtvqep" path="res://game/camera/camera.tscn" id="5_a02si"]
[ext_resource type="PackedScene" uid="uid://bklt01g1230yn" path="res://game/levels/Level1.tscn" id="7_foklt"]
[ext_resource type="PackedScene" uid="uid://d1wnuqfrkud1" path="res://game/gui/gui.tscn" id="10_qamr3"]
[ext_resource type="PackedScene" uid="uid://bkyq8xgb0pjb4" path="res://game/GamePlugin.tscn" id="16_a20d3"]

[sub_resource type="Environment" id="Environment_h7j3s"]
background_mode = 3

[node name="Main" type="Node2D"]

[node name="Simulation" type="Simulation" parent="."]

[node name="GameWorldPlugin" parent="Simulation" instance=ExtResource("16_a20d3")]

[node name="DefaultWorld" type="Node" parent="Simulation"]

[node name="Map" parent="Simulation/DefaultWorld" instance=ExtResource("1_andgm")]

[node name="WorldEnvironment" type="WorldEnvironment" parent="Simulation/DefaultWorld"]
environment = SubResource("Environment_h7j3s")

[node name="CanvasLayer" type="CanvasLayer" parent="Simulation/DefaultWorld"]

[node name="GUI" parent="Simulation/DefaultWorld/CanvasLayer" instance=ExtResource("10_qamr3")]

[node name="Level1" parent="Simulation/DefaultWorld" instance=ExtResource("7_foklt")]

[node name="Camera" parent="Simulation/DefaultWorld" instance=ExtResource("5_a02si")]
