[gd_scene load_steps=17 format=3 uid="uid://bqrg2cx28jhfs"]

[ext_resource type="Texture2D" uid="uid://cfxlmmlmloxvj" path="res://assets/icons/spider_icon.png" id="1_8a4vm"]
[ext_resource type="Texture2D" uid="uid://67x87jjv5l7c" path="res://assets/icons/stone_icon.png" id="2_uajua"]
[ext_resource type="Texture2D" uid="uid://c8iav442c0x1g" path="res://assets/sprite/rooted.png" id="3_e1f5g"]
[ext_resource type="Texture2D" uid="uid://c0yfr8k2trv" path="res://assets/icons/slime_icon.png" id="4_1lgdx"]
[ext_resource type="Script" path="res://plugins/map/tools/entity_placer.gd" id="4_pjgan"]
[ext_resource type="PackedScene" uid="uid://ie6s1c31wapg" path="res://plugins/map/tools/Spawner.tscn" id="5_xjdlu"]
[ext_resource type="PackedScene" uid="uid://bwfr5q6ugcqmk" path="res://game/enemies/spider/Spider.tscn" id="6_8t16v"]
[ext_resource type="PackedScene" uid="uid://bgkd5j1yscttd" path="res://plugins/map/tools/show_entity_2d.tscn" id="6_y7ldn"]
[ext_resource type="PackedScene" uid="uid://ij8wsv6h5xv3" path="res://game/world/entities/Stone.tscn" id="7_b3udf"]
[ext_resource type="PackedScene" uid="uid://d4hjin41cmeps" path="res://game/enemies/slime/Slime.tscn" id="8_hkkgg"]
[ext_resource type="PackedScene" uid="uid://7rkr4j510rds" path="res://game/world/entities/Tree.tscn" id="8_uv7xp"]

[sub_resource type="TileSetAtlasSource" id="TileSetAtlasSource_ph76a"]
texture = ExtResource("1_8a4vm")
use_texture_padding = false
0:0/0 = 0

[sub_resource type="TileSetAtlasSource" id="TileSetAtlasSource_a4r60"]
texture = ExtResource("2_uajua")
use_texture_padding = false
0:0/0 = 0

[sub_resource type="TileSetAtlasSource" id="TileSetAtlasSource_csiux"]
texture = ExtResource("3_e1f5g")
use_texture_padding = false
0:0/0 = 0

[sub_resource type="TileSetAtlasSource" id="TileSetAtlasSource_4o11m"]
texture = ExtResource("4_1lgdx")
use_texture_padding = false
0:0/0 = 0

[sub_resource type="TileSet" id="TileSet_dt5ab"]
tile_shape = 3
sources/0 = SubResource("TileSetAtlasSource_ph76a")
sources/1 = SubResource("TileSetAtlasSource_a4r60")
sources/2 = SubResource("TileSetAtlasSource_csiux")
sources/3 = SubResource("TileSetAtlasSource_4o11m")

[node name="EntityPlacer" type="TileMap" groups=["ENTITY_PLACER"]]
texture_filter = 1
tile_set = SubResource("TileSet_dt5ab")
format = 2
script = ExtResource("4_pjgan")
id_to_prototype = {
0: "res://game/enemies/spider/Spider.tscn",
1: "res://game/world/entities/Stone.tscn",
2: "res://game/world/entities/Tree.tscn",
3: ExtResource("8_hkkgg")
}
entity_scenes = Array[PackedScene]([ExtResource("6_8t16v"), ExtResource("7_b3udf"), ExtResource("8_uv7xp"), ExtResource("8_hkkgg")])
spawner_scene = ExtResource("5_xjdlu")
show_2d_scene = ExtResource("6_y7ldn")
